<?xml version="1.0" encoding="UTF-8"?>
<record xmlns="http://www.loc.gov/MARC21/slim">
   <leader>00868cam a2200217 a 4500</leader>
   <controlfield tag="001">362916</controlfield>
   <controlfield tag="003">NjP</controlfield>
   <controlfield tag="005">20171011103156.0</controlfield>
   <controlfield tag="008">870323s1922    le            00010 ara d</controlfield>
   <datafield tag="024" ind1="7" ind2=" ">
      <subfield code="a">princeton_aco003639</subfield>
      <subfield code="2">local</subfield>
   </datafield>
   <datafield ind1=" " ind2=" " tag="035">
      <subfield code="a">(OCoLC)22320684</subfield>
   </datafield>
   <datafield ind1=" " ind2=" " tag="035">
      <subfield code="a">(CStRLIN)NJPG87-B12752</subfield>
   </datafield>
   <datafield ind1=" " ind2=" " tag="035">
      <subfield code="9">ABT8330TS</subfield>
   </datafield>
   <datafield ind1=" " ind2=" " tag="040">
      <subfield code="a">NjP</subfield>
      <subfield code="c">NjP</subfield>
   </datafield>
   <datafield ind1="1" ind2=" " tag="100">
      <subfield code="a">Ḥūrānī, Ṣāliḥ Ḥusayn.</subfield>
   </datafield>
   <datafield ind1="1" ind2="3" tag="245">
      <subfield code="a">al-Rudūd al-Azharīyah ʻalá al-ajwibah al-Ṭāhirīyah /</subfield>
      <subfield code="c">li-nāshirihā Ṣāliḥ Ḥusayn al-Ḥūrānī.</subfield>
   </datafield>
   <datafield ind1=" " ind2=" " tag="260">
      <subfield code="a">Ṣaydā :</subfield>
      <subfield code="b">Maṭbaʻat al-ʻIrfān,</subfield>
      <subfield code="c">1343 [1922 or 1923]</subfield>
   </datafield>
   <datafield ind1=" " ind2=" " tag="300">
      <subfield code="a">30 p. ;</subfield>
      <subfield code="c">20 cm.</subfield>
   </datafield>
   <datafield ind1=" " ind2="0" tag="650">
      <subfield code="a">Islamic law</subfield>
      <subfield code="x">Interpretation and construction.</subfield>
      <subfield code="0">http://id.loc.gov/authorities/subjects/sh85068455</subfield>
   </datafield>
   <datafield ind1="4" ind2=" " tag="856">
      <subfield code="u">http://hdl.handle.net/2027/njp.32101014339467</subfield>
   </datafield>
   <datafield ind1=" " ind2=" " tag="998">
      <subfield code="a">05/03/89</subfield>
      <subfield code="s">9118</subfield>
      <subfield code="n">NjP</subfield>
      <subfield code="w">NJPG87B12752</subfield>
      <subfield code="d">03/23/87</subfield>
      <subfield code="c">KVV</subfield>
      <subfield code="b">KVV</subfield>
      <subfield code="i">890503</subfield>
      <subfield code="l">NJPG</subfield>
   </datafield>
   <datafield ind1=" " ind2=" " tag="911">
      <subfield code="a">19921028</subfield>
   </datafield>
   <datafield ind1=" " ind2=" " tag="912">
      <subfield code="a">19900508000000.0</subfield>
   </datafield>
   <datafield ind1="8" ind2="0" tag="852">
      <subfield code="0">396563</subfield>
      <subfield code="b">rcppa</subfield>
      <subfield code="t">1</subfield>
      <subfield code="h">KBL</subfield>
      <subfield code="i">.H87</subfield>
      <subfield code="x">tr fr arab</subfield>
   </datafield>
   <datafield ind1="8" ind2=" " tag="852">
      <subfield code="0">8679426</subfield>
      <subfield code="b">elf1</subfield>
      <subfield code="h">Electronic Resource</subfield>
   </datafield>
   <datafield ind1=" " ind2=" " tag="959">
      <subfield code="a">2000-06-08 00:00:00 -0400</subfield>
   </datafield>
</record>
